<?xml version="1.0" encoding="UTF-8"?><record xmlns="http://www.loc.gov/MARC21/slim" xmlns:cinclude="http://apache.org/cocoon/include/1.0" xmlns:zs="http://www.loc.gov/zing/srw/">
  <leader>00538cz  a2200145n  4500</leader>
  <controlfield tag="001">nr 00030886 </controlfield>
  <controlfield tag="003">DLC</controlfield>
  <controlfield tag="005">20081102083200.0</controlfield>
  <controlfield tag="008">000929n| acannaabn          |a aaa     c</controlfield>
  <datafield tag="010" ind1=" " ind2=" ">
    <subfield code="a">nr 00030886 </subfield>
  </datafield>
  <datafield tag="035" ind1=" " ind2=" ">
    <subfield code="a">(OCoLC)oca05326915</subfield>
  </datafield>
  <datafield tag="040" ind1=" " ind2=" ">
    <subfield code="a">UPB</subfield>
    <subfield code="b">eng</subfield>
    <subfield code="c">UPB</subfield>
    <subfield code="d">OOxM-Mu</subfield>
  </datafield>
  <datafield tag="100" ind1="1" ind2=" ">
    <subfield code="a">Mariña Flores, Abelardo</subfield>
  </datafield>
  <datafield tag="400" ind1="1" ind2=" ">
    <subfield code="a">Flores, Abelardo Mariña</subfield>
  </datafield>
  <datafield tag="670" ind1=" " ind2=" ">
    <subfield code="a">Crítica de la globalidad, 1999:</subfield>
    <subfield code="b">t.p. (Abelardo Mariña Flores) p. 4 of cover (Professor in the Departamento de Economía, Universidad Autónoma Metropolitana, Unidad Azcapotzalco)</subfield>
  </datafield>
</record>